@article{mirrazavi2018unified,
    title = {A unified framework for coordinated multi-arm motion planning},
    author = {Mirrazavi Salehian, Seyed Sina and Figueroa, Nadia and Billard, Aude},
    journal = {The International Journal of Robotics Research},
    volume = {37},
    number = {10},
    pages = {1205--1232},
    year = {2018},
    publisher = {SAGE Publications Sage UK: London, England}
}

@article{bishop1994mixture,
    title = {Mixture density networks},
    author = {Bishop, Christopher M},
    year = {1994},
    publisher = {Aston University}
}

@article{thrun1995lifelong,
  title={Lifelong robot learning},
  author={Thrun, Sebastian and Mitchell, Tom M},
  journal={Robotics and autonomous systems},
  volume={15},
  number={1-2},
  pages={25--46},
  year={1995},
  publisher={Elsevier}
}